0                 01NAB       NAB CONNECT SAMPLE DE FILE334303PAYROLL     010514
1063-210115632463 530000073023Beneficiary A                   720056            083-047594481031NAB CONNECT     00000000
1063-001    17432 530000054000Beneficiary B                   820226            083-047594481031NAB CONNECT     00000000
1192-901050694566 530000082679Beneficiary C                   820226            083-047594481031NAB CONNECT     00000000
1402-728 62439881 530000092360Beneficiary D                   881195            083-047594481031NAB CONNECT     00000000
1063-210138073146 530000090167Beneficiary E                   930671            083-047594481031NAB CONNECT     00000000
1063-210505725012 530000088248Beneficiary F                   950850            083-047594481031NAB CONNECT     00000000
1012-009  4101884 530000112655Beneficiary G                   961566            083-047594481031NAB CONNECT     00000000
1012-009    39108 530000111970Beneficiary H                   760094            083-047594481031NAB CONNECT     00000000
1063-210523979319 530000066060Beneficiary I                   810330            083-047594481031NAB CONNECT     00000000
1063-210555455764 530000032724Beneficiary J                   810330            083-047594481031NAB CONNECT     00000000
1402-728 23949281 530000087646Beneficiary K                   820282            083-047594481031NAB CONNECT     00000000
1012-003  5638227 530000099018Beneficiary L                   820298            083-047594481031NAB CONNECT     00000000
1063-210121799849 530000010000Beneficiary M                   850993            083-047594481031NAB CONNECT     00000000
1063-210126788849 530000076274Beneficiary N                   850993            083-047594481031NAB CONNECT     00000000
1012-009   238737 530000082755Beneficiary O                   891271            083-047594481031NAB CONNECT     00000000
1063-210350010587 530000084486Beneficiary P                   900831            083-047594481031NAB CONNECT     00000000
1062-919  2381590 530000071411Beneficiary Q                   800186            083-047594481031NAB CONNECT     00000000
1033-009123816613 530000038000Beneficiary R                   840765            083-047594481031NAB CONNECT     00000000
1063-210145799666 530000054288Beneficiary R                   840765            083-047594481031NAB CONNECT     00000000
1063-009    12494 530000064000Beneficiary S                   851119            083-047594481031NAB CONNECT     00000000
1062-912 45613319 530000067348Beneficiary T                   851119            083-047594481031NAB CONNECT     00000000
1063-210300699766 530000077852Beneficiary U                   861115            083-047594481031NAB CONNECT     00000000
1063-210762339568 530000056832Beneficiary V                   880003            083-047594481031NAB CONNECT     00000000
1063-210788761350 530000086264Beneficiary W                   901394            083-047594481031NAB CONNECT     00000000
1062-133   924670 530000098653Beneficiary X                   930115            083-047594481031NAB CONNECT     00000000
1032-731   491264 530000061640Beneficiary Y                   940484            083-047594481031NAB CONNECT     00000000
1553-056  5785401 530000097501Beneficiary Z                   951245            083-047594481031NAB CONNECT     00000000
1062-009    41432 530000020000Beneficiary 1                   820045            083-047594481031NAB CONNECT     00000000
1063-210787556622 530000061839Beneficiary 2                   820045            083-047594481031NAB CONNECT     00000000
1014-009  6765180 530000102798Beneficiary 3                   850165            083-047594481031NAB CONNECT     00000000
1063-210     3063 530000101877Beneficiary 4                   740170            083-047594481031NAB CONNECT     00000000
1402-728 73082382 530000090913Beneficiary 5                   700079            083-047594481031NAB CONNECT     00000000
1063-210  5588988 530000110067Beneficiary 6                   610039            083-047594481031NAB CONNECT     00000000
1063-210586421454 530000045826Beneficiary 7                   610039            083-047594481031NAB CONNECT     00000000
1484-009   545324 530000063537Beneficiary 8                   860780            083-047594481031NAB CONNECT     00000000
1484-009   542206 530000020000Beneficiary 9                   880468            083-047594481031NAB CONNECT     00000000
1063-210  4495206 530000072321Beneficiary 10                  880468            083-047594481031NAB CONNECT     00000000
1766-125   845183 530000074751Beneficiary 11                  890253            083-047594481031NAB CONNECT     00000000
1063-210    74781 530000057070Beneficiary 12                  740028            083-047594481031NAB CONNECT     00000000
1063-210     4941 530000085480Beneficiary 13                  740028            083-047594481031NAB CONNECT     00000000
1033-009    49463 530000087447Beneficiary 14                  911017            083-047594481031NAB CONNECT     00000000
1063-210544416768 530000063144Beneficiary 15                  911494            083-047594481031NAB CONNECT     00000000
1063-210    38325 530000078000Beneficiary 16                  860146            083-047594481031NAB CONNECT     00000000
1192-901143473475 530000074078Beneficiary 17                  860146            083-047594481031NAB CONNECT     00000000
1063-210138595072 530000080865Beneficiary 18                  930846            083-047594481031NAB CONNECT     00000000
1553-009   553819 530000065853Beneficiary 19                  931059            083-047594481031NAB CONNECT     00000000
1012-009155946405 530000070063Beneficiary 20                  931170            083-047594481031NAB CONNECT     00000000
1062-905165596512 530000065808Beneficiary 21                  670066            083-047594481031NAB CONNECT     00000000
1083-047594481031 130003509591NAB CONNECT DE FILE             CR DE EXAMPLE     083-047594481031NAB CONNECT     00000000
7999-999            000000000000035095910003509591                        000049