0                 01BQL       MY NAME                   1111111004231633  230410
1123-456157108231 530000001234S R SMITH                       TEST BATCH        062-000 12223123MY ACCOUNT      00001200
1123-783 12312312 530000002200J K MATTHEWS                    TEST BATCH        062-000 12223123MY ACCOUNT      00000030
1456-789   125123 530003123513P R JONES                       TEST BATCH        062-000 12223123MY ACCOUNT      00000000
1121-232    11422 530000002300S MASLIN                        TEST BATCH        062-000 12223123MY ACCOUNT      00000000
7999-999            000312924700031292470000000000                        000004